@INPROCEEDINGS{Tahat01, 
author={Tahat, L.H. and Vaysburg, B. and Korel, B. and Bader, A.J.}, 
booktitle={Computer Software and Applications Conference, 2001. COMPSAC 2001. 25th Annual International}, 
title={Requirement-based automated black-box test generation}, 
year={2001}, 
month={}, 
volume={}, 
number={}, 
pages={489 -495}, 
keywords={SDL formats;large software systems testing;model-based test generation;requirement-based automated black-box test generation;requirement-based regression test generation;requirement-based test generation;software specification;system model;formal specification;program testing;}, 
doi={10.1109/CMPSAC.2001.960658}, 
ISSN={0730-3157},}

@INPROCEEDINGS{Clarke98,
    author = {James M. Clarke},
    title = {Automated test generation from a behavioral model},
    booktitle = {in Proceedings of Pacific Northwest Software Quality Conference},
    year = {1998},
    publisher = {IEEE Press}
}

@inproceedings{Godefroid05,
 author = {Godefroid, Patrice and Klarlund, Nils and Sen, Koushik},
 title = {DART: directed automated random testing},
 booktitle = {Proceedings of the 2005 ACM SIGPLAN conference on Programming language design and implementation},
 series = {PLDI '05},
 year = {2005},
 isbn = {1-59593-056-6},
 location = {Chicago, IL, USA},
 pages = {213--223},
 numpages = {11},
 url = {http://doi.acm.org/10.1145/1065010.1065036},
 doi = {10.1145/1065010.1065036},
 acmid = {1065036},
 publisher = {ACM},
 address = {New York, NY, USA},
 keywords = {automated test generation, interfaces, program verification, random testing, software testing},
} 

