@article{Sun2012Security,
    abstract = {{The Internet has created vast opportunities to interact with strangers. The interactions can be fun, informative, and even profitable [1]. However, there is also risk involved. Will an eBay seller ship the product in time? Is the advice from a self-proclaimed expert on Epinion.com trustworthy? Does a product from Amazon.com have high quality as described?}},
    author = {Sun and Liu, Y.},
    citeulike-article-id = {10377511},
    citeulike-linkout-0 = {http://dx.doi.org/10.1109/MSP.2011.942344},
    citeulike-linkout-1 = {http://ieeexplore.ieee.org/xpls/abs\_all.jsp?arnumber=6153140},
    doi = {10.1109/MSP.2011.942344},
    institution = {B.S. degree with the highest honor from Peking University in 1998, and the Ph.D. degree in electrical and computer engineering from the University of Maryland, in 2004},
    issn = {1053-5888},
    journal = {Signal Processing Magazine, IEEE},
    keywords = {security},
    month = mar,
    number = {2},
    pages = {87--97},
    posted-at = {2012-02-22 16:33:32},
    priority = {2},
    publisher = {IEEE},
    title = {{Security of Online Reputation Systems: The evolution of attacks and defenses}},
    url = {http://dx.doi.org/10.1109/MSP.2011.942344},
    volume = {29},
    year = {2012}
}

